
@article{ref1_mathur2008multiclass,
  title={Multiclass and binary SVM classification: Implications for training and classification users},
  author={Mathur, Ajay and Foody, Giles M},
  journal={IEEE Geoscience and remote sensing letters},
  volume={5},
  number={2},
  pages={241--245},
  year={2008},
  publisher={IEEE}
}

@misc{scikit, url={https://scikit-learn.org/stable/_images/grid_search_cross_validation.png}, journal={scikit-learn}} 


@article{ref1,
  title={Biochemical aspects of Parkinson's disease},
  author={Hornykiewicz, Oleh},
  journal={Neurology},
  volume={51},
  number={2\_suppl\_2},
  pages={S2--S9},
  year={1998},
  publisher={AAN Enterprises}
}

@article{ref2,
  title={The role of dopamine in the brain-lessons learned from Parkinson's disease},
  author={Meder, David and Herz, Damian Marc and Rowe, James Benedict and Leh{\'e}ricy, St{\'e}phane and Siebner, Hartwig Roman},
  journal={Neuroimage},
  volume={190},
  pages={79--93},
  year={2019},
  publisher={Elsevier}
}

@article{ref32,
  title={From micrographia to Parkinson's disease dysgraphia},
  author={Letanneux, Alban and Danna, Jeremy and Velay, Jean-Luc and Viallet, Fran{\c{c}}ois and Pinto, Serge},
  journal={Movement Disorders},
  volume={29},
  number={12},
  pages={1467--1475},
  year={2014},
  publisher={Wiley Online Library}
}

@article{ref8,
  title={Movement Disorder Society-sponsored revision of the Unified Parkinson's Disease Rating Scale (MDS-UPDRS): scale presentation and clinimetric testing results},
  author={Goetz, Christopher G and Tilley, Barbara C and Shaftman, Stephanie R and Stebbins, Glenn T and Fahn, Stanley and Martinez-Martin, Pablo and Poewe, Werner and Sampaio, Cristina and Stern, Matthew B and Dodel, Richard and others},
  journal={Movement disorders: official journal of the Movement Disorder Society},
  volume={23},
  number={15},
  pages={2129--2170},
  year={2008},
  publisher={Wiley Online Library}
}


@article{ref9,
  title={Very deep convolutional networks for large-scale image recognition},
  author={Simonyan, Karen and Zisserman, Andrew},
  journal={arXiv preprint arXiv:1409.1556},
  year={2014}
}